%% This BibTeX bibliography file was created using BibDesk.
%% http://bibdesk.sourceforge.net/

%% Created for User at 2017-09-10 10:41:55 +0200 


%% Saved with string encoding Unicode (UTF-8) 



@book{GelmanHill2006,
	Address = {Cambridge},
	Author = {Andrew Gelman and Jennifer Hill},
	Date-Added = {2017-09-10 08:41:37 +0000},
	Date-Modified = {2017-09-10 08:41:37 +0000},
	Publisher = {Cambridge University Press},
	Title = {Data Analysis Using Regression and Multilevel\slash Hierarchical Models},
	Year = {2006}}
