/Users/user/Workingcopies/Bibtex/rs.bib